<record><leader>00000cas a2200000 a 4500</leader><controlfield tag="001">10979720</controlfield><controlfield tag="008">840724d18231829vauwr ne      0    0eng d</controlfield><datafield ind1=" " ind2=" " tag="010"><subfield code="a">sn 84024663 </subfield></datafield><datafield ind1=" " ind2=" " tag="040"><subfield code="a">NPV</subfield><subfield code="b">eng</subfield><subfield code="c">NPV</subfield><subfield code="d">KNP</subfield><subfield code="d">NYS</subfield><subfield code="d">NVK</subfield><subfield code="d">FUG</subfield><subfield code="d">NVK</subfield><subfield code="d">OCL</subfield><subfield code="d">NVK</subfield><subfield code="d">OCL</subfield><subfield code="d">OCLCF</subfield><subfield code="d">OCLCO</subfield></datafield><datafield ind1="1" ind2=" " tag="029"><subfield code="a">AU@</subfield><subfield code="b">000020656096</subfield></datafield><datafield ind1=" " ind2=" " tag="042"><subfield code="a">msc</subfield></datafield><datafield ind1="0" ind2=" " tag="130"><subfield code="a">Intelligencer (Lexington, Va.)</subfield></datafield><datafield ind1="0" ind2="4" tag="245"><subfield code="a">The intelligencer.</subfield></datafield><datafield ind1=" " ind2=" " tag="260"><subfield code="a">Lexington, Va. :</subfield><subfield code="b">Valentine M. Mason,</subfield><subfield code="c">1823-</subfield></datafield><datafield ind1=" " ind2=" " tag="300"><subfield code="a">v. ;</subfield><subfield code="c">46 cm.</subfield></datafield><datafield ind1=" " ind2=" " tag="310"><subfield code="a">Weekly</subfield></datafield><datafield ind1="0" ind2=" " tag="362"><subfield code="a">Vol. 1, no. 1 (May 3, 1823)-</subfield></datafield><datafield ind1="1" ind2=" " tag="362"><subfield code="a">Ceased by 1829?</subfield><subfield code="z">Cf. Cappon, L.J. Va. newspapers.</subfield></datafield><datafield ind1=" " ind2=" " tag="530"><subfield code="a">Available on microfilm from Microphoto.</subfield></datafield><datafield ind1=" " ind2="0" tag="651"><subfield code="a">Lexington (Va.)</subfield><subfield code="v">Newspapers.</subfield></datafield><datafield ind1=" " ind2="7" tag="655"><subfield code="a">Newspapers.</subfield><subfield code="2">fast</subfield><subfield code="0">(OCoLC)fst01423814</subfield></datafield><datafield ind1=" " ind2="7" tag="651"><subfield code="a">Virginia</subfield><subfield code="z">Lexington.</subfield><subfield code="2">fast</subfield><subfield code="0">(OCoLC)fst01205029</subfield></datafield><datafield ind1=" " ind2=" " tag="752"><subfield code="a">United States</subfield><subfield code="b">Virginia</subfield><subfield code="d">Lexington.</subfield></datafield><datafield ind1="0" ind2="0" tag="785"><subfield code="t">Lexington intelligencer (Lexington, Va.)</subfield><subfield code="w">(DLC)sn 84024664</subfield><subfield code="w">(OCoLC)10979749</subfield></datafield><datafield ind1=" " ind2=" " tag="936"><subfield code="a">Vol. 6, no. 49 (Mar. 26, 1829) LIC</subfield></datafield></record>